<?xml version="1.0" encoding="UTF-8"?><record xmlns="http://www.loc.gov/MARC21/slim" xmlns:cinclude="http://apache.org/cocoon/include/1.0" xmlns:zs="http://www.loc.gov/zing/srw/">
  <leader>00675nz  a2200133n  4500</leader>
  <controlfield tag="001">n 2013034466</controlfield>
  <controlfield tag="003">DLC</controlfield>
  <controlfield tag="005">20130617082744.0</controlfield>
  <controlfield tag="008">130617n| azannaabn          |n aaa      </controlfield>
  <datafield tag="010" ind1=" " ind2=" ">
    <subfield code="a">n 2013034466</subfield>
  </datafield>
  <datafield tag="040" ind1=" " ind2=" ">
    <subfield code="a">DLC</subfield>
    <subfield code="b">eng</subfield>
    <subfield code="c">DLC</subfield>
    <subfield code="e">rda</subfield>
  </datafield>
  <datafield tag="100" ind1="1" ind2=" ">
    <subfield code="a">Braun, Catherine C.</subfield>
  </datafield>
  <datafield tag="371" ind1=" " ind2=" ">
    <subfield code="m">braun.43@osu.edu</subfield>
  </datafield>
  <datafield tag="670" ind1=" " ind2=" ">
    <subfield code="a">Cultivating ecologies for digital media work, [2014] :</subfield>
    <subfield code="b">ECIP t.p. (Catherine C Braun) data view (associate professor of English at the Ohio State University at Marion, where she teaches courses in digital media, professional writing, composition, and film studies. Her scholarly interests include digital pedagogy, professional writing, basic writing, and professional issues)</subfield>
  </datafield>
</record>